@software{batscheletRoughnessCalculator2024,
  title = {{{DEM Roughness Calculator}}},
  author = {Batschelet, Lukas and Mohaupt, Florian and Röthlisberger, Stefanie},
  date = {2024-04},
  origdate = {2024-04-15T06:50:42Z},
  url = {https://github.com/lbatschelet/dem-roughness-calculator},
  urldate = {2024-04-22},
  abstract = {Comprehensive tool designed for geospatial analysis, allowing users to calculate the surface roughness of Digital Elevation Models (DEMs) using the standard deviation of height within a specified window size.},
  version = {1.0.8}
}

@incollection{detertAutomaticObjectDetection2012,
  title = {Automatic Object Detection to Analyze the Geometry of Gravel Grains - {{A}} Free Stand-Alone Tool},
  booktitle = {River {{Flow}}},
  author = {Detert, Martin and Weitbrecht, Volker},
  editor = {Munoz, Rafael Murillo},
  date = {2012-01-04},
  edition = {1st Edition},
  pages = {595--600},
  publisher = {CRC Press},
  location = {London},
  abstract = {An automated procedure to estimate the grain size distribution of a gravel bed by analyzing its digital top-view photograph is presented. The MATLAB-based methodology allows for improved element separation compared with other approaches, including a Graphical User Interface for additional semi-automatic control and optional correction of the detected elements. First comparisons of grading curves obtained by automatic object detection, in-situ line sampling and laboratory sieving indicate a good agreement concerning the essential geometric parameters. The temporal effort for the automatic object detection is only a fraction of the time required using common methods. A further benefit is that additional parameters are provided for each grain as well, namely axis ratio, area, perimeter, center coordinates, and the horizontal grain orientation. Free access is given to the newly developed license-free stand-alone tool including the compiled code.},
  isbn = {978-\hspace{0pt}0-415-62129-8},
  file = {/Users/lukasbatschelet/Zotero/storage/K8Z3WT43/Detert and Weitbrecht - 2012 - Automatic object detection to analyze the geometry.pdf}
}

@incollection{detertUserGuideGravelometric2013,
  title = {User Guide to Gravelometric Image Analysis by {{BASEGRAIN}}},
  booktitle = {Advances in {{Science}} and {{Research}}},
  author = {Detert, Martin and Weitbrecht, Volker},
  editor = {Fukuoka, Shoji and Nakagawa, Hajime and Sumi, Tetsuya and Zhang, Hao},
  date = {2013-08-19},
  edition = {1st Edition},
  pages = {1789--1795},
  publisher = {Taylor \& Francis Group},
  location = {London},
  abstract = {BASEGRAIN is a MATLAB-based automatic object detection software tool for granu-lometric analysis of top-view photographs of fluvial non-cohesive gravel beds. It is handled via a graphi-cal user interface, which enables post-and pre-processing as well. The core of the software code is a sophisticated five step object detection algorithm that separates interstices from grain areas. A quasi grain size distribution is derived from the b-axes of the detected grain top view area following a line-sampling methodology. Results are exported to common spreadsheet-file and GIS-file formats. If geotagged photographs are analyzed, georeferencing is done automatically. BASEGRAIN is freely distributed over the Internet in binary form, but the source code remains closed. The present paper contains background information on the object detection methodology used and focuses on how to apply BASEGRAIN in the most efficient way.},
  isbn = {978-\hspace{0pt}1-138-00062-9},
  file = {/Users/lukasbatschelet/Zotero/storage/PIFQYYYW/Detert and Weitbrecht - 2013 - User guide to gravelometric image analysis by BASE.pdf}
}

@article{fehrEinfacheBestimmungKorngroessenverteilung1987,
  title = {Einfache Bestimmung der Korngrössenverteilung von Geschiebematerial mit Hilfe der Linienzahlanalyse},
  author = {Fehr, René},
  date = {1987-09-17},
  doi = {10.5169/SEALS-76710},
  url = {https://www.e-periodica.ch/digbib/view?pid=sbz-003:1987:105::688},
  urldate = {2024-05-05},
  langid = {ngerman},
  file = {/Users/lukasbatschelet/Zotero/storage/2GT554EV/Fehr - 1987 - Einfache Bestimmung der Korngrössenverteilung von .pdf}
}

@report{fehrGeschiebeanalysenGebirgsflussenUmrechnung1987,
  title = {Geschiebeanalysen in {{Gebirgsflüssen}} - {{Umrechnung}} Und {{Vergleich}} von Verschiedenen {{Analyseverfahren}}},
  author = {Fehr, René},
  date = {1987},
  number = {Nr. 92},
  institution = {ETH Zürich},
  location = {Zürich},
  file = {/Users/lukasbatschelet/Zotero/storage/WENXPTYU/Fehr - 1987 - Geschiebeanalysen in Gebirgsflüssen - Umrechnung u.pdf}
}

@online{grimselhydroSanierungGeschiebehaushaltOekologie,
  title = {Sanierung Geschiebehaushalt Ökologie},
  author = {{Grimsel Hydro}},
  url = {https://www.grimselhydro.ch/oekologische-beratung-begleitung/sanierung-wasserkraft/sanierung-geschiebehaushalt/},
  urldate = {2024-03-19},
  abstract = {Die KWO hat mehrjährige Erfahrung in Geschiebedotierungen am Gadmerwasser im Zuge der Restwassersanierung.},
  langid = {nswissgerman},
  organization = {Grimsel Hydro},
  file = {/Users/lukasbatschelet/Zotero/storage/WKXJ3BGM/sanierung-geschiebehaushalt.html}
}

@report{hunzingerGewaesserentwicklungskonzeptBernGEKOBE2014,
  title = {Gewässerentwicklungskonzept Bern - GEKOBE.2014, Strategische Planungen nach GSchG/GSchV, Sanierung des Geschiebehaushaltes im Kanton, Schlussbericht – Gewässersystem Hasliaare},
  shorttitle = {Sanierung des Geschiebehaushaltes im Kanton Bern Schlussbericht – Gewässersystem Hasliaare},
  author = {Hunzinger, Lukas and Pauli, Michael},
  date = {2014-11-30},
  pages = {39},
  institution = {AWA Amt für Wasser und Abfall, TBA Tiefbauamt Kanton Bern, LANAT Amt für Landwirtschaft und Natur, AGR Amt für Gemeinden und Raumordnung, Flussbau AG},
  abstract = {Im Rahmen der Umsetzung des revidierten Gewässerschutzsgesetzes (GSchG) erarbeitet der Kanton Bern die strategische Planung zur Sanierung des Geschiebehaushaltes seiner Fliessgewässer. Der Schlussbericht beschreibt die Phase I der Sanierungsplanung. Im allgemeinen Teil (vgl. [1]) werden die verwendete Methodik, die fachlichen Grundlagen der Sanierungsplanung und eine Zusammenfassung der Ergebnisse festgehalten. In diesem Teilbericht werden die Resultate für das Gewässersystem Hasliaare dokumentiert.},
  langid = {ngerman},
  file = {/Users/lukasbatschelet/Zotero/storage/FADPVGBQ/Hunzinger and Pauli - 2014 - Gewässerentwicklungskonzept Bern - GEKOBE.2014, St.pdf}
}

@thesis{keuschSubstratkartierungAlpinenOekosystemen2023,
  type = {Masterarbeit},
  title = {Substratkartierung in alpinen Ökosystemen mit Deep-Learning- Objektdetektoren},
  author = {Keusch, Patrick},
  date = {2023-02-10},
  institution = {Hochschule für Architektur, Bau und Geomatik Fachhochschule Nordwestschweiz},
  location = {Boswil},
  abstract = {Die Bedeutung von Wasser und Gewässer ist unbestritten. Die Funktion als Trinkwasser für Mensch und Tier liegt auf der Hand. Flüsse und Seen bieten zudem vielen Lebewesen Nahrung und Schutz und für den Menschen oftmals beliebte Naherholungsgebiete. Dem gegenüber steht die Stromproduktion aus Wasserkraft wie auch die industrielle und landwirtschaftliche Nutzung. Im Gewässerschutzrecht definiert der Bund den umfassenden Schutz der Gewässer und ihrer vielfältigen Funktionen sowie die nachhaltig abgestimmte Nutzung durch den Menschen als zentrale Ziele. Bauten und Anlagen des Menschen stellen unweigerlich einen Eingriff dar. Durch Hochwasserereignisse, Sturzfluten oder Wasserabflüsse aus Kraftwerksanlagen wird dieses sensible Ökosystem zusätzlich belastet. Besonders in alpinen Regionen können durch ausserordentliche Ereignisse grosse Geschiebevolumen die natürliche Ordnung im Gewässer stören, das ökologische Gleichgewicht negativ verändern und die Nutzung bspw. für die Stromproduktion beeinträchtigen. Solche Veränderungen müssen effektiv und genau dokumentiert werden, um daraus Massnahmen zur Verbesserung abzuleiten. Das Substrat ist ein Schlüsselindikator für den ökologischen Zustand eines Gewässers. Konventionelle Substratkartierungen basieren auf manuellen Feldkartierungen und Linienzahlanalysen. Ansätze für die Erfassung mit Laserscanning und Luftbildaufnahmen bestehen, stützen sich aber für die Substratableitung meistens auf geometrische Eigenschaften wie die Rauigkeit und selten auf Einzelbildklassifikationen ab. Grossflächige Kartierungen mit automatisierten bildbasierten Verfahren sind nicht vorhanden. In dieser Arbeit wurden bildbasierte Deep-Learning-Objektdetektoren zur Substratkartierung mit georeferenzierten Bilddaten untersucht. Zwei durchgängige Workflows mit unterschiedlichen Detektionsansätzen (Workflow A mit einer Objektdetektion, Workflow B mit einer Semantischen Segmentation) konnten erstellt, die Netzwerke trainiert und angewendet werden. Weiter wurden die Anforderungen an das Bildmaterial getestet und die Detektionsresultate mit Referenzverteilungen aus einer manuellen Kartierung sowie einer Kartierung nach geometrischen Eigenschaften verglichen. In den Workflows wird georeferenziertes Bildmaterial von lokal gespeicherten Orthophotos aus Drohnenaufnahmen oder vom WMS-Dienst SWISSIMAGE der swisstopo zusammen mit Trainingsdaten aufbereitet und in ein neuronales Netzwerk für das Training und die Detektion eingespiesen. Detektionen werden als georeferenzierte Flächen im Shape-Format ausgegeben und können direkt weiterverarbeitet werden. Die Workflows sind als geodaten- und MultiClass-fähige open-source Anwendungen in Python und auf Google Colaboratory für den breiten Einsatz umgesetzt. In Zusammenarbeit mit der Kraftwerke Oberhasli AG (KWO) und auf Basis ihrer Grundlage- und Trainingsdaten konnte ein Versuchsaufbau im Gadmental realisiert werden. Mit diesem Versuchsaufbau konnte die Leistungsfähigkeit der Workflows und der verwendeten Detektionsansätzen an unterschiedlichen Bodenauflösungen (3cm, 5cm, 10cm, 25cm) und Bildquellen (lokale Orthophotos, SWISSIMAGE) überprüft werden. Für Workflow A Objektdetektion wurde Detectron2/ ResNet50 und für Workflow B Semantische Segmentation U-Net/MobileNet\_v2 und UNet/ ResNet50 verwendet. Ein Trainingseffekt mit vergleichbaren Genauigkeitswerten konnte bei beiden Workflows besonders bei hohen Auflösungen beobachtet werden. Die visuelle Betrachtung der Detektion zeigt für hohe Auflösungen plausible Resultate. Bereiche mit niedrigen Wasserständen werden erkannt und Vegetation oder tiefe Bereiche konsequent ausgeschieden. Vereinzelt sind fehlende Detektionen in dunklen/schattigen Bereichen erkennbar. Für die Beurteilung des ökologischen Gewässerzustandes ist die Verteilung der Substratflächen entscheidend. Eine Histogrammgegenüberstellung der detektierten Flächen mit einer manuellen digitalisierten Referenzverteilung sowie einer Verteilung anhand von geometrischen Rauigkeitsindikatoren über Teilabschnitte zeigt, dass eine Semantische Segmentation mit ResNet50 die Referenzverteilung am treffensten nachmodellieren kann. Eine Verschlechterung mit abnehmender Bodenauflösung ist auch hier feststellbar. Die entwickelten Workflows funktionieren und die offene Umsetzung ist zielführend. Die Semantische Segmentation mit ResNet50 bei 3cm Bodenauflösung zeigt bereits jetzt erfolgsversprechende Resultate, während ab 5cm eine starke Abnahme der Leistung auftritt. Die Validierung anhand der Referenzverteilung zeigt, dass die Eignung von bildbasierten Deep-Learning-Ansätzen für die Substratkartierung gegeben ist. Dies ermöglicht einen kleinen Beitrag für eine bessere ökologische Beurteilung von Gewässern sowie zielgerichtete und ressourcenschonende Verbesserungsmassnahmen.},
  langid = {ngerman},
  pagetotal = {85},
  file = {/Users/lukasbatschelet/Zotero/storage/9WTSC3JP/Keusch - 2023 - Substratkartierung in alpinen Ökosystemen mit Deep.pdf}
}

@misc{kraftwerkeoberhasliagAnleitungZurErstellung2022,
  title = {Anleitung Zur {{Erstellung}} Eines {{Orthofotos}} Und {{Höhenmodelles}} ({{DEM}}) Mit {{Agisoft PhotoScan Pro}}},
  editor = {{Kraftwerke Oberhasli AG}},
  date = {2022},
  file = {/Users/lukasbatschelet/Zotero/storage/UZDUDU7W/Kraftwerke Oberhasli AG - 2022 - Anleitung zur Erstellung eines Orthofotos und Höhe.pdf}
}

@article{langGRAINetMappingGrain2021,
  title = {{{GRAINet}}: Mapping Grain Size Distributions in River Beds from {{UAV}} Images with Convolutional Neural Networks},
  shorttitle = {{{GRAINet}}},
  author = {Lang, Nico and Irniger, Andrea and Rozniak, Agnieszka and Hunziker, Roni and Wegner, Jan Dirk and Schindler, Konrad},
  date = {2021-05-19},
  journaltitle = {Hydrology and Earth System Sciences},
  volume = {25},
  number = {5},
  pages = {2567--2597},
  publisher = {Copernicus GmbH},
  issn = {1027-5606},
  doi = {10.5194/hess-25-2567-2021},
  url = {https://hess.copernicus.org/articles/25/2567/2021/},
  urldate = {2024-04-04},
  abstract = {Grain size analysis is the key to understand the sediment dynamics of river systems. We propose GRAINet, a data-driven approach to analyze grain size distributions of entire gravel bars based on georeferenced UAV images. A convolutional neural network is trained to regress grain size distributions as well as the characteristic mean diameter from raw images. GRAINet allows for the holistic analysis of entire gravel bars, resulting in (i) high-resolution estimates and maps of the spatial grain size distribution at large scale and (ii) robust grading curves for entire gravel bars. To collect an extensive training dataset of 1491 samples, we introduce digital line sampling as a new annotation strategy. Our evaluation on 25 gravel bars along six different rivers in Switzerland yields high accuracy: the resulting maps of mean diameters have a mean absolute error (MAE) of 1.1 cm, with no bias. Robust grading curves for entire gravel bars can be extracted if representative training data are available. At the gravel bar level the MAE of the predicted mean diameter is even reduced to 0.3 cm, for bars with mean diameters ranging from 1.3 to 29.3 cm. Extensive experiments were carried out to study the quality of the digital line samples, the generalization capability of GRAINet to new locations, the model performance with respect to human labeling noise, the limitations of the current model, and the potential of GRAINet to analyze images with low resolutions.},
  langid = {english},
  file = {/Users/lukasbatschelet/Zotero/storage/NRYWYSE9/Lang et al. - 2021 - GRAINet mapping grain size distributions in river.pdf}
}

@report{nitscheGeschiebehaushaltMassnahmen2024,
  type = {Vollzugshilfe},
  title = {Geschiebehaushalt – {{Massnahmen}}},
  author = {Nitsche, Manuel and Pfaundler, Martin},
  namea = {Hunzinger, Lukas and Schälchli, Ueli and Kirchhofer, Arthur and Rüesch, Tobias and Roulier, Christian},
  nameatype = {collaborator},
  date = {2024},
  number = {UV-2325-D},
  institution = {Bundesamt für Umwelt BAFU},
  location = {Bern},
  url = {https://www.bafu.admin.ch/uv-2325-d},
  urldate = {2024-04-15},
  abstract = {Ein Modul der Vollzugshilfe Renaturierung der Gewässer. 2024 Das vorliegende Modul der Vollzugshilfe «Renaturierung der Gewässer» beschreibt das Vorgehen zur Planung von Massnahmen zur Beseitigung oder Verhinderung von Geschiebedefiziten im Gewässer bei Wasserkraftanlagen, Kiesentnahmen, Geschiebe-sammlern, Hochwasserschutz- und Revitalisierungsprojekten und anderen Anlagen. Zur Planung gehören Arbeitsschritte zur Situationsanalyse, zur Zieldefinition und zur Massnahmendefinition. Im Modul wird auch eine pragmatische Methodik zur Bestimmung einer erforderlichen Geschiebefracht vorgeschlagen sowie ein Konzept und Indikatoren für die Wirkungskontrolle von Geschiebemassnahmen.},
  keywords = {Fliessgewässer,Geschiebehaushalt,Geschiebesanierung,Gewässerschutzgesetz,Sanierungsmassnahmen,Wasserkraftnutzung},
  file = {/Users/lukasbatschelet/Zotero/storage/3SG69BNY/Bundesamt für Umwelt BAFU  Office fédéral de l'environnement OFEV  Ufficio federale dell'ambiente UFAM - Geschiebehaushalt – Massnahmen.pdf;/Users/lukasbatschelet/Zotero/storage/5DHV8JV6/vollzugshilfe-geschiebehaushalt-massnahmen.html}
}

@article{poizotUsingGISEnhance2010,
  title = {Using a {{GIS}} to Enhance Grain Size Trend Analysis},
  author = {Poizot, E. and Méar, Y.},
  date = {2010-04-01},
  journaltitle = {Environmental Modelling \& Software},
  shortjournal = {Environmental Modelling \& Software},
  volume = {25},
  number = {4},
  pages = {513--525},
  issn = {1364-8152},
  doi = {10.1016/j.envsoft.2009.10.002},
  url = {https://www.sciencedirect.com/science/article/pii/S136481520900262X},
  urldate = {2024-04-09},
  abstract = {This paper introduces GisedTrend, a plugin of the QGIS geographical information system that implements the Grain Sized Trend Analysis (GSTA) method. It is advantageous to incorporate the GSTA method in a GIS since it can directly access: (i) environmental information such as bathymetry, coastline, etc., (ii)~spatial analysis tools available in such working environments, (iii) input/output data management; all these features are provided by standard GIS software. The paper also presents two case studies: the first case is based on an artificial dataset to focus on effects of obstacles on GSTA computed vector fields. The second case is based on a dataset acquired in the western part of the NW Mediterranean sea (Gulf of Lions, France). In this area, rocky formations, more or less continuous, outcrop directly on the seafloor, modifying the local hydrographic context and thus the sedimentary dynamic.},
  keywords = {Geographical information system,Grain size,Mediterranean continental shelf,Object-oriented software,Opensource,Sediment trend,Transport vector},
  file = {/Users/lukasbatschelet/Zotero/storage/E7SLN3TD/Poizot und Méar - 2010 - Using a GIS to enhance grain size trend analysis.pdf;/Users/lukasbatschelet/Zotero/storage/RD7YJ8QW/S136481520900262X.html}
}

@online{SwissGeoportal,
  title = {Swiss {{Geoportal}}},
  url = {https://map.geo.admin.ch},
  urldate = {2024-06-06},
  abstract = {map.geo.admin.ch ist die Kartenplattform der Schweizerischen Eidgenossenschaft. Zugang zu Karten, Geoinformationen, -daten, -dienste und Metadaten der Schweiz.},
  organization = {geo.admin.ch}
}

@online{ufamGeschiebe,
  title = {Geschiebe},
  author = {family=UFAM, given=Bundesamt für Umwelt BAFU | Office fédéral de l'environnement OFEV | Ufficio, prefix=federale dell'ambiente, useprefix=false},
  url = {https://www.bafu.admin.ch/bafu/de/home/themen/thema-wasser/wasser--fachinformationen/massnahmen-zum-schutz-der-gewaesser/renaturierung-der-gewaesser/geschiebe.html},
  urldate = {2024-03-19},
  abstract = {Der natürliche Transport von Sand, Kies und Steinen im Wasser – der sog. Geschiebetransport - wird durch Wasserkraftwerke, Gewässerverbauungen wie etwa Geschiebesammlern, sowie Kiesentnahmen im Gewässer gestört. Ein gestörter Geschiebehaushalt kann negative Auswirkungen auf die Gewässerlebensräume aber auch den Hochwasserschutz oder das Grundwasser haben. Das Gewässerschutzgesetz schreibt deshalb vor, diese negativen Beeinträchtigungen zu beseitigen und in Zukunft zu verhindern.},
  langid = {ngerman},
  file = {/Users/lukasbatschelet/Zotero/storage/HSFMR2V3/geschiebe.html}
}

@article{vazquez-tarrioUsingUASOptical2017,
  title = {Using {{UAS}} Optical Imagery and {{SfM}} Photogrammetry to Characterize the Surface Grain Size of Gravel Bars in a Braided River ({{Vénéon River}}, {{French Alps}})},
  author = {Vázquez-Tarrío, Daniel and Borgniet, Laurent and Liébault, Frédéric and Recking, Alain},
  date = {2017-05-15},
  journaltitle = {Geomorphology},
  shortjournal = {Geomorphology},
  volume = {285},
  pages = {94--105},
  issn = {0169-555X},
  doi = {10.1016/j.geomorph.2017.01.039},
  url = {https://www.sciencedirect.com/science/article/pii/S0169555X16307590},
  urldate = {2024-04-17},
  abstract = {This paper explores the potential of unmanned aerial system (UAS) optical aerial imagery to characterize grain roughness and size distribution in a braided, gravel-bed river (Vénéon River, French Alps). With this aim in view, a Wolman field campaign (19 samples) and five UAS surveys were conducted over the Vénéon braided channel during summer 2015. The UAS consisted of a small quadcopter carrying a GoPro camera. Structure-from-Motion (SfM) photogrammetry was used to extract dense and accurate three-dimensional point clouds. Roughness descriptors (roughness heights, standard deviation of elevation) were computed from the SfM point clouds and were correlated with the median grain size of the Wolman samples. A strong relationship was found between UAS-SfM-derived grain roughness and Wolman grain size. The procedure employed has potential for the rapid and continuous characterization of grain size distribution in exposed bars of gravel-bed rivers. The workflow described in this paper has been successfully used to produce spatially continuous grain size information on exposed gravel bars and to explore textural changes following flow events.},
  keywords = {Braided rivers,Grain size,Gravel bed rivers,Photogrammetry,Roughness,SfM},
  file = {/Users/lukasbatschelet/Zotero/storage/R58F8NG6/Vázquez-Tarrío et al. - 2017 - Using UAS optical imagery and SfM photogrammetry t.pdf;/Users/lukasbatschelet/Zotero/storage/PNQEULGM/S0169555X16307590.html}
}
